<record><leader>00000cas a22000007a 4500</leader><controlfield tag="001">10957160</controlfield><controlfield tag="008">840717c19849999mauwr ne      0   a0eng d</controlfield><datafield ind1=" " ind2=" " tag="010"><subfield code="a">sn 84008812 </subfield></datafield><datafield ind1=" " ind2=" " tag="040"><subfield code="a">NSD</subfield><subfield code="b">eng</subfield><subfield code="c">NSD</subfield><subfield code="d">MGN</subfield><subfield code="d">OCLCQ</subfield></datafield><datafield ind1=" " ind2=" " tag="012"><subfield code="m">1</subfield></datafield><datafield ind1="1" ind2=" " tag="022"><subfield code="a">8750-0485</subfield><subfield code="l">8750-0485</subfield><subfield code="2">1</subfield></datafield><datafield ind1=" " ind2=" " tag="032"><subfield code="a">723310</subfield><subfield code="b">USPS</subfield></datafield><datafield ind1=" " ind2=" " tag="037"><subfield code="b">MPG Communications, Long Pond Rd. Plymouth, MA 02360</subfield></datafield><datafield ind1=" " ind2=" " tag="042"><subfield code="a">nsdp</subfield></datafield><datafield ind1=" " ind2="0" tag="222"><subfield code="a">Halifax reporter, Plympton reporter</subfield></datafield><datafield ind1="0" ind2="0" tag="245"><subfield code="a">Halifax reporter.</subfield></datafield><datafield ind1="1" ind2="0" tag="246"><subfield code="a">Plympton reporter</subfield></datafield><datafield ind1="1" ind2="3" tag="246"><subfield code="a">Halifax reporter Plympton reporter</subfield></datafield><datafield ind1="1" ind2="7" tag="246"><subfield code="a">Halifax/Plympton reporter</subfield></datafield><datafield ind1=" " ind2=" " tag="260"><subfield code="a">Plymouth, MA :</subfield><subfield code="b">MPG Communications,</subfield></datafield><datafield ind1=" " ind2=" " tag="300"><subfield code="a">v.</subfield></datafield><datafield ind1=" " ind2=" " tag="310"><subfield code="a">Weekly</subfield></datafield><datafield ind1="0" ind2=" " tag="362"><subfield code="a">Vol. 1, no . 1 (Apr. 5, 1984)-</subfield></datafield><datafield ind1=" " ind2=" " tag="752"><subfield code="a">United States</subfield><subfield code="b">Massachusetts</subfield><subfield code="c">Plymouth</subfield><subfield code="d">Plymouth.</subfield></datafield><datafield ind1=" " ind2=" " tag="752"><subfield code="a">United States</subfield><subfield code="b">Massachusetts</subfield><subfield code="c">Plymouth</subfield><subfield code="d">Halifax.</subfield></datafield><datafield ind1=" " ind2=" " tag="752"><subfield code="a">United States</subfield><subfield code="b">Massachusetts</subfield><subfield code="c">Plymouth</subfield><subfield code="d">Plympton.</subfield></datafield><datafield ind1="0" ind2="1" tag="780"><subfield code="t">Silver Lake news</subfield><subfield code="x">0746-6064</subfield><subfield code="w">(DLC)sn 83009958</subfield></datafield><datafield ind1=" " ind2=" " tag="936"><subfield code="a">June 21, 1984</subfield></datafield></record>